<record><leader>00000cas a22000007a 4500</leader><controlfield tag="001">44951754</controlfield><controlfield tag="008">000907d19301966vauwr ne      0    0eng d</controlfield><datafield ind1=" " ind2=" " tag="010"><subfield code="a">sn 00064457 </subfield></datafield><datafield ind1=" " ind2=" " tag="040"><subfield code="a">NVK</subfield><subfield code="b">eng</subfield><subfield code="c">NVK</subfield><subfield code="d">OCLCQ</subfield><subfield code="d">OCLCF</subfield><subfield code="d">OCLCO</subfield></datafield><datafield ind1="1" ind2=" " tag="029"><subfield code="a">AU@</subfield><subfield code="b">000021897250</subfield></datafield><datafield ind1=" " ind2=" " tag="042"><subfield code="a">msc</subfield></datafield><datafield ind1=" " ind2=" " tag="043"><subfield code="a">n-us-va</subfield></datafield><datafield ind1="0" ind2=" " tag="130"><subfield code="a">News progress (Richlands, Va.)</subfield></datafield><datafield ind1="1" ind2="4" tag="245"><subfield code="a">The News progress.</subfield></datafield><datafield ind1=" " ind2=" " tag="260"><subfield code="a">Richlands, Va. :</subfield><subfield code="b">George G. Beall,</subfield><subfield code="c">-1966.</subfield></datafield><datafield ind1=" " ind2=" " tag="300"><subfield code="a">v.</subfield></datafield><datafield ind1=" " ind2=" " tag="310"><subfield code="a">Weekly</subfield></datafield><datafield ind1="1" ind2=" " tag="362"><subfield code="a">Began in 1930.</subfield><subfield code="z">Cf. Ayer.</subfield></datafield><datafield ind1="0" ind2=" " tag="362"><subfield code="a">-v. 34, no. 11 (June 30, 1966).</subfield></datafield><datafield ind1=" " ind2=" " tag="500"><subfield code="a">Publisher varies: Robert Guy Hankins and William C. Meade, Jan. 5, 1956-Feb. 7, 1963; The News Progress, Inc., Feb. 14, 1963-June 30, 1966.</subfield></datafield><datafield ind1=" " ind2=" " tag="530"><subfield code="a">Available on microfilm from the Library of Virginia.</subfield></datafield><datafield ind1=" " ind2=" " tag="580"><subfield code="a">"Successor to the Southwest news." Cf. Publishers block.</subfield></datafield><datafield ind1=" " ind2=" " tag="588"><subfield code="a">Description based on : vol. 6, no. 24 (Aug. 19, 1937).</subfield></datafield><datafield ind1=" " ind2="0" tag="651"><subfield code="a">Richlands (Va.)</subfield><subfield code="v">Newspapers.</subfield></datafield><datafield ind1=" " ind2="0" tag="651"><subfield code="a">Tazewell County (Va.)</subfield><subfield code="v">Newspapers.</subfield></datafield><datafield ind1=" " ind2="0" tag="651"><subfield code="a">Buchanan County (Va.)</subfield><subfield code="v">Newspapers.</subfield></datafield><datafield ind1=" " ind2="0" tag="651"><subfield code="a">Russell County (Va.)</subfield><subfield code="v">Newspapers.</subfield></datafield><datafield ind1=" " ind2="7" tag="655"><subfield code="a">Newspapers.</subfield><subfield code="2">fast</subfield><subfield code="0">(OCoLC)fst01423814</subfield></datafield><datafield ind1=" " ind2="7" tag="651"><subfield code="a">Virginia</subfield><subfield code="z">Buchanan County.</subfield><subfield code="2">fast</subfield><subfield code="0">(OCoLC)fst01208707</subfield></datafield><datafield ind1=" " ind2="7" tag="651"><subfield code="a">Virginia</subfield><subfield code="z">Richlands.</subfield><subfield code="2">fast</subfield><subfield code="0">(OCoLC)fst01221930</subfield></datafield><datafield ind1=" " ind2="7" tag="651"><subfield code="a">Virginia</subfield><subfield code="z">Russell County.</subfield><subfield code="2">fast</subfield><subfield code="0">(OCoLC)fst01206796</subfield></datafield><datafield ind1=" " ind2="7" tag="651"><subfield code="a">Virginia</subfield><subfield code="z">Tazewell County.</subfield><subfield code="2">fast</subfield><subfield code="0">(OCoLC)fst01213003</subfield></datafield><datafield ind1=" " ind2=" " tag="752"><subfield code="a">United States</subfield><subfield code="b">Virginia</subfield><subfield code="c">Tazewell</subfield><subfield code="d">Richlands.</subfield></datafield><datafield ind1="1" ind2="0" tag="780"><subfield code="t">Southwest news</subfield></datafield><datafield ind1="0" ind2="7" tag="785"><subfield code="t">Richlands press</subfield><subfield code="w">(DLC)sn 00064466</subfield></datafield><datafield ind1="0" ind2="7" tag="785"><subfield code="t">Richlands news-press</subfield><subfield code="w">(DLC)sn 00064818</subfield></datafield></record>